
@book{gelman_regression_2021,
	title = {Regression and {Other} {Stories}},
	isbn = {978-1-107-02398-7},
	language = {en},
	publisher = {Cambridge University Press},
	author = {Gelman, Andrew and Hill, Jennifer and Vehtari, Aki},
	year = {2021}
}
